@book{rumbaugh2004unified,
  title={The Unified Modeling Language Reference Manual},
  author={Rumbaugh, James and Jacobson, Ivar and Booch, Grady},
  year={2004},
  publisher={Pearson Higher Education}
}
@book{kruchten2004rational,
  title={The rational unified process: an introduction},
  author={Kruchten, Philippe},
  year={2004},
  publisher={Addison-Wesley Professional}
}
